include "common.beancount"

; - Buy  15 STONK across two separate lots in the distant past.
; - Sell 15 STONK in a single transaction to exercise average of loss behavior.
; - Buy   8 STONK within wash sale window, chronologically after sale.
; - To wrap up...
; - Sell  8 STONK and observe no wash but an adjusted non-reported basis.

2021-01-01 * "Buy STONK"
    Assets:Checking        -1000 USD
    Assets:Brokerage:STONK     10 STONK {100 USD, 2020-12-25}

2021-02-01 * "Buy STONK"
    Assets:Checking         -600 USD
    Assets:Brokerage:STONK      5 STONK {120 USD, 2021-01-25}

2023-01-01 * "Sell STONK"
    Assets:Brokerage:STONK     -5 STONK {2021-01-25} @ 80 USD
    Assets:Brokerage:STONK    -10 STONK {2020-12-25} @ 80 USD
    Assets:Checking         1200 USD
    Income:PnL

2023-01-02 * "Buy STONK"
    Assets:Checking         -400 USD
    Assets:Brokerage:STONK      8 STONK {50 USD, 2023-01-25}

2023-01-03 * "Buy STONK"
    Assets:Checking         -100 USD
    Assets:Brokerage:STONK      2 STONK {50 USD, 2023-01-25}

2023-01-04 * "Sell STONK"
    Assets:Brokerage:STONK     -10 STONK {2023-01-25} @ 100 USD
    Assets:Checking          800 USD
    Income:PnL
